<record><leader>00000cas a22000007a 4500</leader><controlfield tag="001">12929900</controlfield><controlfield tag="008">851218d193719uuwvuuu ne      0    0eng d</controlfield><datafield ind1=" " ind2=" " tag="010"><subfield code="a">sn 85059879 </subfield></datafield><datafield ind1=" " ind2=" " tag="040"><subfield code="a">WVC</subfield><subfield code="b">eng</subfield><subfield code="c">WVC</subfield><subfield code="d">OCL</subfield><subfield code="d">OCLCQ</subfield></datafield><datafield ind1=" " ind2=" " tag="042"><subfield code="a">msc</subfield></datafield><datafield ind1="0" ind2=" " tag="130"><subfield code="a">West Virginian (Charleston, W. Va. : 1937)</subfield></datafield><datafield ind1="1" ind2="0" tag="245"><subfield code="a">West Virginian.</subfield></datafield><datafield ind1=" " ind2=" " tag="260"><subfield code="a">Charleston, W. Va. :</subfield><subfield code="b">Civilian Conservation Corps of the West Virginia District</subfield></datafield><datafield ind1=" " ind2=" " tag="300"><subfield code="a">v.</subfield></datafield><datafield ind1="1" ind2=" " tag="362"><subfield code="a">Began in 1937?</subfield></datafield><datafield ind1=" " ind2=" " tag="500"><subfield code="a">Editor: Raymond E. Potter.</subfield></datafield><datafield ind1=" " ind2=" " tag="588"><subfield code="a">Description based on: Vol. 1, no. 8 (Jan., 1938).</subfield></datafield><datafield ind1=" " ind2=" " tag="752"><subfield code="a">United States</subfield><subfield code="b">West Virginia</subfield><subfield code="c">Kanawha</subfield><subfield code="d">Charleston.</subfield></datafield></record>